% Encoding: UTF-8

@InProceedings{Andrusenko2005,
  author    = {J. {Andrusenko} and J. L. {Burbank} and W. T. {Kasch}},
  title     = {Augmentation of Military Satellites with High Altitude Balloons: A {UHF} Case Study},
  booktitle = {Proc. IEEE Aerospace Conf},
  year      = {2005},
  pages     = {1--16},
  month     = mar,
  doi       = {10.1109/AERO.2005.1559575},
  keywords  = {aerospace instrumentation, balloons, high altitude stratospheric platforms, satellite communication, military satellites, satellite communications, Northern Polar regions, high-altitude balloons, UHF polar satellite, Military satellites, Computer aided software engineering, Payloads, Employment, Physics, Laboratories, Frequency, Artificial satellites, Lifting equipment, Speech analysis},
}

@InProceedings{Dinh2015,
  author    = {T. H. {Dinh} and D. {Niyato} and N. T. {Hung}},
  title     = {Optimal energy allocation policy for wireless networks in the sky},
  booktitle = {Proc. IEEE Int. Conf. Communications (ICC)},
  year      = {2015},
  pages     = {3204--3209},
  month     = jun,
  doi       = {10.1109/ICC.2015.7248817},
  keywords  = {balloons, channel allocation, energy harvesting, Internet, learning (artificial intelligence), Markov processes, stochastic programming, telecommunication power management, balloon network, signal transmission, base station, Internet service provider, ISP, Earth, energy harvesting, natural energy sources, network performance optimisation, stochastic optimization problem, Markov decision process, learning algorithm, simulation-based method, optimal energy allocation policy, wireless network, sky, Batteries, Internet, Satellites, Markov processes, Convergence, Energy states, Mobile communication, Internet in the sky, Google Loon Project, Markov decision process},
}
